% Encoding: UTF-8

@INPROCEEDINGS{cca,
  author = {Steve Cornett},
  title = {Code coverage analysis},
  year = {1996-2010},
  owner = {nihathrael},
  timestamp = {2011.06.08},
  url = {http://www.bullseye.com/coverage.html}
}

@BOOK{fowler:1999,
	author = {Martin Fowler, Kent Beck},
	year = {1999},
	title = {Refactoring: Improving the design of existing code},
	address = {Boston, USA},
	publisher = {Addison-Wesley}
}

@INPROCEEDINGS{Juergens:2009:CCM:1555001.1555062,
  author = {Juergens, Elmar and Deissenboeck, Florian and Hummel, Benjamin and
	Wagner, Stefan},
  title = {Do code clones matter?},
  booktitle = {Proceedings of the 31st International Conference on Software Engineering},
  year = {2009},
  series = {ICSE '09},
  pages = {485--495},
  address = {Washington, DC, USA},
  publisher = {IEEE Computer Society},
  acmid = {1555062},
  doi = {http://dx.doi.org/10.1109/ICSE.2009.5070547},
  isbn = {978-1-4244-3453-4},
  numpages = {11},
  url = {http://dx.doi.org/10.1109/ICSE.2009.5070547}
}

@INCOLLECTION{springerlink:10.10073-540-45314-8-15,
  author = {Laemmel, Ralf},
  title = {Grammar Testing},
  booktitle = {Fundamental Approaches to Software Engineering},
  publisher = {Springer Berlin / Heidelberg},
  year = {2001},
  editor = {Hussmann, Heinrich},
  volume = {2029},
  series = {Lecture Notes in Computer Science},
  pages = {201-216},
  note = {10.10073-540-45314-8-15},
  affiliation = {CWI Kruislaan 413 NL-1098 SJ Amsterdam},
  url = {http://dx.doi.org/10.1007/3-540-45314-8_15}
}

@inproceedings{Hennessy:2005:ARC:1101908.1101926,
 author = {Hennessy, Mark and Power, James F.},
 title = {An analysis of rule coverage as a criterion in generating minimal test suites for grammar-based software},
 booktitle = {Proceedings of the 20th IEEE/ACM international Conference on Automated software engineering},
 series = {ASE '05},
 year = {2005},
 isbn = {1-58113-993-4},
 location = {Long Beach, CA, USA},
 pages = {104--113},
 numpages = {10},
 url = {http://doi.acm.org/10.1145/1101908.1101926},
 doi = {http://doi.acm.org/10.1145/1101908.1101926},
 acmid = {1101926},
 publisher = {ACM},
 address = {New York, NY, USA},
 keywords = {grammar-based software, rule coverage, software testing, test suite reduction},
}

@article{Offutt:1996:EDS:227607.227610,
 author = {Offutt, A. Jefferson and Lee, Ammei and Rothermel, Gregg and Untch, Roland H. and Zapf, Christian},
 title = {An experimental determination of sufficient mutant operators},
 journal = {ACM Trans. Softw. Eng. Methodol.},
 volume = {5},
 issue = {2},
 month = {April},
 year = {1996},
 issn = {1049-331X},
 pages = {99--118},
 numpages = {20},
 url = {http://doi.acm.org/10.1145/227607.227610},
 doi = {http://doi.acm.org/10.1145/227607.227610},
 acmid = {227610},
 publisher = {ACM},
 address = {New York, NY, USA},
}

@book{Beck:book:1999,
    author = {Beck, Ken},
    publisher = {Addison-Wesley Professional},
    title = {Extreme Programming Explained: Embrace Change},
    year = {1999}
}

@book{Schwaber:book:2001,
    address = {Upper Saddle River, NJ, USA},
    author = {Schwaber, Ken and Beedle, Mike},
    citeulike-article-id = {3944887},
    keywords = {file-import-09-01-26},
    posted-at = {2009-01-26 02:26:25},
    priority = {2},
    publisher = {Prentice Hall PTR},
    title = {Agile Software Development with Scrum},
    year = {2001}
}

@article{Mens:2004:SSR:972215.972286,
 author = {Mens, Tom and Tourw\'{e}, Tom},
 title = {A Survey of Software Refactoring},
 journal = {IEEE Trans. Softw. Eng.},
 volume = {30},
 issue = {2},
 month = {February},
 year = {2004},
 issn = {0098-5589},
 pages = {126--139},
 numpages = {14},
 url = {http://portal.acm.org/citation.cfm?id=972215.972286},
 doi = {10.1109/TSE.2004.1265817},
 acmid = {972286},
 publisher = {IEEE Press},
 address = {Piscataway, NJ, USA},
 keywords = {Coding tools and techniques, programming environments/construction tools, restructuring, reverse engineering, and reengineering.},
}

@techreport{Opdyke:1992:ROF:871113,
 author = {Opdyke, William F.},
 title = {Refactoring object-oriented frameworks},
 year = {1992},
 source = {http://www.ncstrl.org:8900/ncstrl/servlet/search?formname=detail\&id=oai\%3Ancstrlh\%3Auiuc_cs\%3Ancstrl.uiuc_cs\%2F\%2FUIUCDCS-R-92-1759},
 publisher = {University of Illinois at Urbana-Champaign},
 address = {Champaign, IL, USA},
}

@online{antlr:2010:composite:online,
author = {Parr, Terence},
title = {Composite Grammars},
month = feb,
year = {2010},
url = {http://www.antlr.org/wiki/pages/viewpage.action?pageId=4882546}
}

@online{sdf:2007:definition:online,
author = {Klint, Paul and Vinju, Jurgen},
title = {The Syntax Definition Formalism SDF},
month = oct,
year = {2007},
url = {http://homepages.cwi.nl/~daybuild/daily-books/syntax/2-sdf/sdf.html\#section.basicmodules}
}

@article{Heering:1989:SDF:71605.71607,
 author = {Heering, J. and Hendriks, P. R. H. and Klint, P. and Rekers, J.},
 title = {The syntax definition formalism SDF reference manual},
 journal = {SIGPLAN Not.},
 volume = {24},
 issue = {11},
 month = {November},
 year = {1989},
 issn = {0362-1340},
 pages = {43--75},
 numpages = {33},
 url = {http://doi.acm.org/10.1145/71605.71607},
 doi = {http://doi.acm.org/10.1145/71605.71607},
 acmid = {71607},
 publisher = {ACM},
 address = {New York, NY, USA},
}

@incollection{springerlink:10.1007/3-540-45937-512,
   author = {van den Brand, Mark and Scheerder, Jeroen and Vinju, Jurgen and Visser, Eelco},
   affiliation = {Centrum voor Wiskunde en Informatica (CWI) Kruislaan 413 1098 SJ Amsterdam The Netherlands},
   title = {Disambiguation Filters for Scannerless Generalized LR Parsers},
   booktitle = {Compiler Construction},
   series = {Lecture Notes in Computer Science},
   editor = {Horspool, R.},
   publisher = {Springer Berlin / Heidelberg},
   isbn = {},
   pages = {21-44},
   volume = {2304},
   url = {http://dx.doi.org/10.1007/3-540-45937-5\_12},
   note = {10.1007/3-540-45937-5\_12},
   year = {2002}
}

@misc{wiki:30jun2011,
   author = "Wikipedia",
   title = "Ragel --- Wikipedia{,} The Free Encyclopedia",
   year = "2011",
   url = "{http://en.wikipedia.org/w/index.php?title=Ragel\&oldid=435952099}",
   note = "[Online; accessed 30-June-2011]"
 }

@misc{ragelwins:04072011,
   author = "Wincent Colaiuta",
   title = "Ragel wins! Fatality!",
   year = "2011",
   url = "{http://www.wincent.com/a/about/wincent/weblog/archives/2008/02/ragel_wins_fata.php}",
   note = "[Online; accessed 04-July-2011]"
 }

@article{10.1109/TSE.2002.1019480,
	author = {Toshihiro Kamiya and Shinji Kusumoto and Katsuro Inoue},
	title = {CCFinder: A Multilinguistic Token-Based Code Clone Detection System for Large Scale Source Code},
	journal ={IEEE Transactions on Software Engineering},
	volume = {28},
	issn = {0098-5589},
	year = {2002},
	pages = {654-670},
	doi = {http://doi.ieeecomputersociety.org/10.1109/TSE.2002.1019480},
	publisher = {IEEE Computer Society},
	address = {Los Alamitos, CA, USA},
}

